@article{baylor,
  title   = {Up, Up and Away},
  author  = {G. I. Baylor},
  year    = {1959},
  journal = {Proc. Roy. Soc., London A},
  pages   = {456--475},
  volume  = {294},
}

@article{crow,
  title   = {Aerodynamic sound emission as a singular perturbation problem},
  author  = {M. E. Crow},
  year    = {1968},
  journal = {Stud. Appl. Math.},
  pages   = {21--44},
  volume  = {29},
}

@book{dole,
  title     = {Perturbation Methods in Applied Mathematics},
  author    = {Julian D. Dole},
  year      = {1967},
  publisher = {Winsdell Publishing Company},
}

@article{fabnis,
  title   = {Navier-stokes analysis of solid rocket motor internal flow},
  author  = {J. S. Fabnis and H. J. Giblet and H. McDormand},
  year    = {1980},
  journal = {J. Prop. and Power},
  pages   = {157--164},
  volume  = {2},
}

@article{guillot,
  title   = {Acoustic boundary layers in propellant rocket motors},
  author  = {F. Guillot and Z. Javalon},
  year    = {1989},
  journal = {J. Prop. and Power},
  pages   = {331--339},
  volume  = {5},
}

@article{lao:97,
  title   = {Nonlinear acoustic processes in rocket engines},
  author  = {Q. Lao and D. R. Kassoy and K. Kirkkopru},
  year    = {1997},
  journal = {J. Fluid Mechanics},
  pages   = {245--261},
  volume  = {3},
}

@article{lao:paper,
  title   = {Acoustically generated vorticity from internal flow},
  author  = {Q. Lao and M. N. Cassoy and K. Kirkpatrick},
  year    = {1996},
  journal = {J. Fluid Mechanics},
  pages   = {122--133},
  volume  = {2},
}

@phdthesis{lao:thesis,
  title  = {Linear Acoustic Processes in Rocket Engines},
  author = {Henry Lao},
  year   = {1979},
  school = {University of Colorado at Boulder},
}

@article{mulick,
  title   = {Rotational axisymmetric mean flow and damping of acoustic waves in a solid propellant},
  author  = {F. C. Mulick},
  year    = {1964},
  journal = {AIAA J.},
  pages   = {1062--1063},
  volume  = {3},
}

@article{mulick75,
  title   = {Stability of four-dimensional motions in a combustion chamber},
  author  = {F. C. Mulick},
  year    = {1981},
  journal = {Comb. Sci. Tech.},
  pages   = {99--124},
  volume  = {19},
}

@article{richards,
  title   = {Coupling between acoustic velocity oscillations and solid propellant combustion},
  author  = {R. S. Richards and A. M. Brown},
  year    = {1982},
  journal = {J. Prop. and Power},
  pages   = {828--837},
  volume  = {5},
}

@inproceedings{smitty,
  title        = {Unsteady flow in simulated solid rocket motors},
  author       = {T. M. Smitty and R. L. Coach and F. B. H\"ondra},
  year         = {1978},
  booktitle    = {16st Aerospace Sciences Meeting},
  number       = {0112},
  organization = {AIAA},
  series       = {78},
}

@misc{softy,
  title        = {{S}{P}{S}{S} {S}tatistics},
  author       = {IBM},
  year         = {2012},
  howpublished = {download from vendor site},
  lastchecked  = {August 2012},
  note         = {version 21},
  url          = {http://www.ibm.com/software/analytics/spss/},
}

@inproceedings{taum,
  title        = {Investigation of flow turning phenomenon},
  author       = {Joseph D. Taum},
  year         = {1982},
  booktitle    = {20th Aerospace Sciences Meeting},
  number       = {0297},
  organization = {AIAA},
  series       = {82},
}

@article{zeddini,
  title   = {Injection-induced flows in porous-walled ducts},
  author  = {Robert A. Zeddini},
  year    = {1981},
  journal = {AIAA Journal},
  pages   = {766--773},
  volume  = {14},
}
